<?xml version="1.0" encoding="UTF-8"?><collection xmlns="http://www.loc.gov/MARC21/slim"><record><leader>00413nam--2200133-i-4500</leader><controlfield tag="001">000039452</controlfield><controlfield tag="002">20161230</controlfield><controlfield tag="005">20161230201042</controlfield><controlfield tag="008">060222s1000------------r-----000-0-eng-d</controlfield><datafield ind1=" " ind2=" " tag="080"><subfield code="a">550.8(083)</subfield></datafield><datafield ind1=" " ind2=" " tag="245"><subfield code="a">Rocznik magnetyczny. annuaire magnetique: 1940-1941</subfield></datafield><datafield ind1=" " ind2=" " tag="260"><subfield code="a">Warszawa, Panstwowe Wydawnictwo Naukowe, 1971, 94p</subfield></datafield><datafield ind1=" " ind2=" " tag="490"><subfield code="a">Prace Observatorium Geofizycznego Im St.Kalinowskiego W Swidrze</subfield></datafield><datafield ind1=" " ind2=" " tag="852"><subfield code="a">74113</subfield></datafield></record></collection>